@ONLINE{SLPsource,
author = {{Retail Market Design Service (RMDS)}},
title = {Standard load profiles developed for the Irish market.},
month = May,
year = {2015},
url = {http://rmdservice.com/standard-load-profiles/}
}

@inproceedings{rodrigues2012holistic,
  title={Holistic distributed stream clustering for smart grids},
  author={Rodrigues, Pedro Pereira and Gama, Joao},
  booktitle={Workshop on Ubiquitous Data Mining},
  pages={18},
  year={2012}
}

@article{flath2012cluster,
  title={Cluster analysis of smart metering data},
  author={Flath, Dipl-Wi-Ing Christoph and Nicolay, Dipl-Wi-Ing David and Conte, Tobias and van Dinther, PD Dr Clemens and Filipova-Neumann, Lilia},
  journal={Business \& Information Systems Engineering},
  volume={4},
  number={1},
  pages={31--39},
  year={2012},
  publisher={Springer}
}

@incollection{faltings2005budget,
  title={A budget-balanced, incentive-compatible scheme for social choice},
  author={Faltings, Boi},
  booktitle={Agent-Mediated Electronic Commerce VI. Theories for and Engineering of Distributed Mechanisms and Systems},
  pages={30--43},
  year={2005},
  publisher={Springer}
}

@article{palensky2011demand,
  title={Demand side management: Demand response, intelligent energy systems, and smart loads},
  author={Palensky, Peter and Dietrich, Dietmar},
  journal={Industrial Informatics, IEEE Transactions on},
  volume={7},
  number={3},
  pages={381--388},
  year={2011},
  publisher={IEEE}
}

@article{Ramchurn2011a,
author = {Ramchurn, Sarvapali D and Vytelingum, Perukrishnen and Rogers, Alex and Jennings, Nick},
keywords = {agent-based control,agents,demand-side management electricity,energy,multi-agent,systems},
pages = {5--12},
title = {{Agent-Based Control for Decentralised Demand Side Management in the Smart Grid}},
year = {2011}
}

@article{Mohsenian-Rad2010,
author = {Mohsenian-Rad, Amir Hamed and Wong, Vincent W S and Jatskevich, Juri and Schober, Robert and Leon-Garcia, Alberto},
doi = {10.1109/TSG.2010.2089069},
file = {:home/methe/Desktop/Autonomous Demand-Side Management Based on game theoretic energy consumption scheduling for the futuere smart grid.pdf:pdf},
isbn = {1949-3053},
issn = {19493053},
journal = {IEEE Transactions on Smart Grid},
keywords = {Demand-side management,distributed algorithms,energy consumption scheduling,energy pricing,game theory,market incentives,smart grid,smart meter},
number = {3},
pages = {320--331},
title = {{Autonomous demand-side management based on game-theoretic energy consumption scheduling for the future smart grid}},
volume = {1},
year = {2010}
}

@article{Wang2012,
author = {Wang, G and Negrete-Pincetic, M},
file = {:home/methe/.local/share/data/Mendeley Ltd./Mendeley Desktop/Downloaded/Wang, Negrete-Pincetic - 2012 - Dynamic competitive equilibria in electricity markets.pdf:pdf},
journal = {Control and optimization \ldots},
title = {{Dynamic competitive equilibria in electricity markets}},
url = {http://link.springer.com/chapter/10.1007/978-1-4614-1605-0\_2},
year = {2012}
}

@article{jardini2000daily,
  title={Daily load profiles for residential, commercial and industrial low voltage consumers},
  author={Jardini, Jos{\'e} Antonio and Tahan, Carlos and Gouvea, MR and Ahn, Se Un and Figueiredo, FM},
  journal={Power Delivery, IEEE Transactions on},
  volume={15},
  number={1},
  pages={375--380},
  year={2000},
  publisher={IEEE}
}

@article{paatero2006model,
  title={A model for generating household electricity load profiles},
  author={Paatero, Jukka V and Lund, Peter D},
  journal={International journal of energy research},
  volume={30},
  number={5},
  pages={273--290},
  year={2006},
  publisher={Wiley Online Library}
}


@article{widen2009constructing,
  title={Constructing load profiles for household electricity and hot water from time-use dataâ€”Modelling approach and validation},
  author={Wid{\'e}n, Joakim and Lundh, Magdalena and Vassileva, Iana and Dahlquist, Erik and Elleg{\aa}rd, Kajsa and W{\"a}ckelg{\aa}rd, Ewa},
  journal={Energy and Buildings},
  volume={41},
  number={7},
  pages={753--768},
  year={2009},
  publisher={Elsevier}
}

@article{kirschen2003demand,
  title={Demand-side view of electricity markets},
  author={Kirschen, Daniel S},
  journal={Power Systems, IEEE Transactions on},
  volume={18},
  number={2},
  pages={520--527},
  year={2003},
  publisher={IEEE}
}

@article{depuru2011smart,
  title={Smart meters for power grid: Challenges, issues, advantages and status},
  author={Depuru, Soma Shekara Sreenadh Reddy and Wang, Lingfeng and Devabhaktuni, Vijay},
  journal={Renewable and sustainable energy reviews},
  volume={15},
  number={6},
  pages={2736--2742},
  year={2011},
  publisher={Elsevier}
}


@article{zimmermann2012household,
  title={Household Electricity Survey: A study of domestic electrical product usage},
  author={Zimmermann, Jean-Paul and Evans, Matt and Griggs, Jonathan and King, Nicola and Harding, Les and Roberts, Penelope and Evans, Chris},
  journal={Intertek Testing \& Certification Ltd},
  year={2012}
}

@article{aumann2014shapley,
  title={The Shapley Value},
  author={Aumann, Robert},
  journal={Game Theory and Applications},
  pages={158},
  year={2014},
  publisher={Academic Press}
}

@techreport{shapley1952value,
  title={A value for n-person games},
  author={Shapley, Lloyd S},
  year={1952},
  institution={DTIC Document}
}

@article{konishi2003coalition,
  title={Coalition formation as a dynamic process},
  author={Konishi, Hideo and Ray, Debraj},
  journal={Journal of Economic Theory},
  volume={110},
  number={1},
  pages={1--41},
  year={2003},
  publisher={Elsevier}
}

@article{kraus1997negotiation,
  title={Negotiation and cooperation in multi-agent environments},
  author={Kraus, Sarit},
  journal={Artificial intelligence},
  volume={94},
  number={1},
  pages={79--97},
  year={1997},
  publisher={Elsevier}
}

@article{klusch2002dynamic,
  title={Dynamic coalition formation among rational agents},
  author={Klusch, Matthias and Gerber, Andreas},
  journal={IEEE Intelligent Systems},
  volume={17},
  number={3},
  pages={42--47},
  year={2002},
  publisher={IEEE Computer Society}
}

@incollection{shehory1998multi,
  title={Multi-agent coordination through coalition formation},
  author={Shehory, Onn M and Sycara, Katia and Jha, Somesh},
  booktitle={Intelligent Agents IV Agent Theories, Architectures, and Languages},
  pages={143--154},
  year={1998},
  publisher={Springer}
}

@inproceedings{zlotkin1994coalition,
  title={Coalition, cryptography, and stability: Mechanisms for coalition formation in task oriented domains},
  author={Zlotkin, Gilad and Rosenschein, Jeffrey S},
  booktitle={AAAI},
  volume={432},
  pages={437},
  year={1994}
}

@inproceedings{sandholm1995coalition,
  title={Coalition formation among bounded rational agents},
  author={Sandholm, Tuomas W and Lesser, Victor R},
  booktitle={IJCAI (1)},
  pages={662--671},
  year={1995},
  organization={Citeseer}
}

@inproceedings{sims2003self,
  title={Self-organization through bottom-up coalition formation},
  author={Sims, Mark and Goldman, Claudia V and Lesser, Victor},
  booktitle={Proceedings of the second international joint conference on Autonomous agents and multiagent systems},
  pages={867--874},
  year={2003},
  organization={ACM}
}

@book{winer1971statistical,
  title={Statistical principles in experimental design},
  author={Winer, Ben James and Brown, Donald R and Michels, Kenneth M},
  volume={2},
  year={1971},
  publisher={McGraw-Hill New York}
}

@article{hayn2014electricity,
  title={Electricity load profiles in Europe: The importance of household segmentation},
  author={Hayn, Marian and Bertsch, Valentin and Fichtner, Wolf},
  journal={Energy Research \& Social Science},
  volume={3},
  pages={30--45},
  year={2014},
  publisher={Elsevier}
}

@article{saad2012game,
  title={Game-theoretic methods for the smart grid: An overview of microgrid systems, demand-side management, and smart grid communications},
  author={Saad, Walid and Han, Zhu and Poor, H Vincent and Basar, Tamer},
  journal={Signal Processing Magazine, IEEE},
  volume={29},
  number={5},
  pages={86--105},
  year={2012},
  publisher={IEEE}
}

@inproceedings{vytelingum2010agent,
  title={Agent-based micro-storage management for the smart grid},
  author={Vytelingum, Perukrishnen and Voice, Thomas D and Ramchurn, Sarvapali D and Rogers, Alex and Jennings, Nicholas R},
  booktitle={Proceedings of the 9th International Conference on Autonomous Agents and Multiagent Systems: volume 1-Volume 1},
  pages={39--46},
  year={2010},
  organization={International Foundation for Autonomous Agents and Multiagent Systems}
}

@inproceedings{saad2011coalitional,
  title={Coalitional game theory for cooperative micro-grid distribution networks},
  author={Saad, Walid and Han, Zhu and Poor, H Vincent},
  booktitle={Communications Workshops (ICC), 2011 IEEE International Conference on},
  pages={1--5},
  year={2011},
  organization={IEEE}
}

@inproceedings{faghih2011optimal,
  title={Optimal utilization of storage and the induced price elasticity of demand in the presence of ramp constraints},
  author={Faghih, Ali and Roozbehani, Mardavij and Dahleh, Munther A},
  booktitle={Decision and Control and European Control Conference (CDC-ECC), 2011 50th IEEE Conference on},
  pages={842--847},
  year={2011},
  organization={IEEE}
}

@inproceedings{gast2013impact,
  title={Impact of storage on the efficiency and prices in real-time electricity markets},
  author={Gast, Nicolas and Le Boudec, Jean-Yves and Prouti{\`e}re, Alexandre and Tomozei, Dan-Cristian},
  booktitle={Proceedings of the fourth international conference on Future energy systems},
  pages={15--26},
  year={2013},
  organization={ACM}
}